<?xml version="1.0" encoding="UTF-8"?><collection xmlns="http://www.loc.gov/MARC21/slim"><record><leader>00400nam--2200157-i-4500</leader><controlfield tag="001">000011333</controlfield><controlfield tag="002">20161230</controlfield><controlfield tag="005">20170302003515</controlfield><controlfield tag="008">060222s1000------------r-----000-0-eng-d</controlfield><datafield ind1=" " ind2=" " tag="100"><subfield code="a">Campbell, A. M</subfield></datafield><datafield ind1=" " ind2=" " tag="245"><subfield code="a">Critical currents in superconductors</subfield></datafield><datafield ind1=" " ind2=" " tag="260"><subfield code="a">London</subfield><subfield code="b">Taylor &amp; Francis Ltd</subfield><subfield code="c">1972</subfield></datafield><datafield ind1=" " ind2=" " tag="300"><subfield code="a">243 p</subfield></datafield><datafield ind1=" " ind2=" " tag="700"><subfield code="a">Evetts, J. E</subfield></datafield><datafield ind1=" " ind2=" " tag="852"><subfield code="a">537.312.62</subfield></datafield><datafield ind1=" " ind2=" " tag="CAT"><subfield code="a">SYS</subfield><subfield code="c">20170302</subfield><subfield code="h">003515</subfield></datafield></record></collection>